<record><leader>00000cas a22000007a 4500</leader><controlfield tag="001">14983830</controlfield><controlfield tag="008">861217d18301834pauwr ne      0    0eng d</controlfield><datafield ind1=" " ind2=" " tag="010"><subfield code="a">sn 86054025 </subfield></datafield><datafield ind1=" " ind2=" " tag="040"><subfield code="a">NPX</subfield><subfield code="b">eng</subfield><subfield code="c">NPX</subfield><subfield code="d">NPH</subfield><subfield code="d">CNK</subfield><subfield code="d">OCLCQ</subfield></datafield><datafield ind1=" " ind2=" " tag="042"><subfield code="a">msc</subfield></datafield><datafield ind1="0" ind2="0" tag="245"><subfield code="a">National Republican advocate and literary gazette.</subfield></datafield><datafield ind1="1" ind2="7" tag="246"><subfield code="a">Advocate and gazette</subfield></datafield><datafield ind1=" " ind2=" " tag="260"><subfield code="a">West-Chester, Pa. :</subfield><subfield code="b">C. Hannum &amp; J.A. Hemphill</subfield></datafield><datafield ind1=" " ind2=" " tag="300"><subfield code="a">v. ;</subfield><subfield code="c">52 cm.</subfield></datafield><datafield ind1=" " ind2=" " tag="310"><subfield code="a">Weekly</subfield></datafield><datafield ind1="1" ind2=" " tag="362"><subfield code="a">Began with Nov. 30, 1830 issue; ceased with Apr. 8, 1834 issue?</subfield><subfield code="z">Cf. Rossell, G.E. Pa. newspapers.</subfield></datafield><datafield ind1=" " ind2=" " tag="500"><subfield code="a">Publishers: Denny &amp; Whitehead, &lt;1832&gt;.</subfield></datafield><datafield ind1=" " ind2=" " tag="500"><subfield code="a">Editors: John T. Denny, &lt;1832&gt;; William Whitehead, &lt;1832&gt;.</subfield></datafield><datafield ind1=" " ind2=" " tag="588"><subfield code="a">Description based on: Vol. 1, no. 48 (Oct. 25, 1831).</subfield></datafield><datafield ind1=" " ind2=" " tag="752"><subfield code="a">United States</subfield><subfield code="b">Pennsylvania</subfield><subfield code="c">Chester</subfield><subfield code="d">West Chester.</subfield></datafield><datafield ind1="0" ind2="0" tag="780"><subfield code="t">Literary casket (West Chester, Pa.)</subfield><subfield code="w">(DLC)sn 90069154</subfield></datafield></record>